2411 2929
418 375 440 391 l

146 435 483 545 ‚Quanquam
513 494 714 537 historiae
742 504 786 538 et
813 497 1118 552 antiquitatum
1146 495 1340 539 studium
1365 495 1516 539 nostrin
1549 494 1816 551 temporibu·
1848 508 2102 553 permagno·
2128 494 2191 540 fe·

152 561 212 609 cit
240 574 478 618 progreaaue
502 572 546 603 et
568 565 784 619 imprimis
814 566 1113 606 Romanorum
1148 567 1325 606 historia
1360 577 1532 603 aumma
1568 567 1698 603 uniua
1731 566 1811 604 viri
1850 567 2075 619 diligentia
2111 579 2191 606 ex-

150 630 316 681 plorata
343 641 419 679 est,
451 642 499 673 ut
527 634 580 672 de
610 635 692 673 hoc
723 636 963 675 litterarum
986 649 1146 688 genere
1172 636 1336 689 aliquid
1366 634 1553 674 scribere
1577 635 1644 673 vel
1670 637 1952 675 temerarium
1975 636 2188 677 videatuu

152 697 253 747 etti,
286 700 401 755 quod
428 701 481 742 ad
509 701 781 757 antiquitate·
808 705 961 745 attinet
991 702 1233 754 Romanae,
1274 703 1437 752 multa,
1470 700 1625 757 quibua
1652 709 1794 743 nostra
1823 710 1937 744 aetat
1965 703 2094 758 longe
2122 716 2191 745 au·

148 774 272 822 peret
296 770 592 810 antecedentia
623 773 815 821 saecula,
871 773 1036 828 prolata
1063 781 1180 813 aunt:
1237 762 1389 813 tamen
1417 771 1584 824 singula
1621 773 1759 824 capita
1794 784 1884 811 non
1919 785 2090 826 semper
2124 785 2191 820 ea,

148 850 233 889 qua
263 852 369 892 opu·
396 849 510 889 erat,
558 842 681 893 copia
709 851 806 882 tunt
832 851 1021 884 tractata.
1077 842 1227 884 Exstat
1254 843 1434 896 quidem
1463 850 1506 882 et
1535 841 1589 881 de
1623 840 1929 888 Censoribus,
1968 850 2038 889 ut,
2087 841 2193 895 quid

142 903 298 957 „velim,
330 906 520 958 videatia,
552 907 729 950 libellus
749 923 772 951 a
789 909 957 953 Iarckio
974 910 1203 966 diligenter
1229 911 1425 967 acriptm:
1456 921 1480 946 ἰ
1493 908 1696 950 Ver-such
1726 909 1859 950 einer
1870 908 2192 965 Darstellung

152 973 236 1013 des
257 978 580 1018 censoria-chen
597 978 891 1027 Strasrechts
905 995 1008 1020 ——ez
1038 988 1231 1021 attamen
1254 980 1376 1033 plura
1403 979 1506 1020 huic
1522 978 1634 1017 libro
1663 979 1823 1023 ineunt,
1848 979 1896 1016 in
1925 980 2080 1030 quibus
2099 981 2191 1018 ani·

147 1055 251 1083 mua
277 1057 400 1086 meua
430 1046 602 1088 diuidet
625 1046 680 1086 ab
708 1049 891 1089 auctori·
913 1049 1138 1091 tententia.
1223 1048 1318 1090 Nec
1352 1061 1452 1090 vero
1482 1047 1770 1101 propositurus
1808 1047 2041 1088 tententiae
2072 1060 2192 1089 meae

101 1129 105 1133 ·
148 1109 282 1163 illum
310 1113 628 1169 reprehendere
657 1122 702 1156 et
735 1123 882 1158 contra
907 1128 1012 1159 eum
1040 1117 1180 1159 aueim
1205 1129 1421 1173 pugnare,
1475 1115 1550 1157 ned
1576 1113 1665 1169 ipsa
1703 1126 1770 1155 rea
1806 1121 1849 1155 et
1881 1116 2189 1169 antiquitatum

130 1181 367 1231 studium,
394 1183 509 1236 quod
537 1183 652 1225 mihi
681 1197 853 1239 semper
879 1186 963 1226 fuit
991 1186 1210 1243 voluptati,
1238 1187 1441 1227 animum
1468 1197 1621 1224 meum
1645 1184 1812 1229 incitat,
1842 1191 1892 1223 ut
1916 1197 2065 1224 verum
2095 1199 2192 1238 per-

133 1251 331 1298 ¹eerutari
357 1265 634 1307 cummopere
664 1254 844 1299 studeat.
892 1255 1174 1310 ·Quanquam
1202 1243 1293 1296 non
1319 1267 1417 1296 raro
1434 1252 1516 1302 fit,
1564 1259 1616 1294 ut
1642 1251 1690 1293 id
1716 1252 1884 1306 ipsum,
1931 1252 2047 1307 quod
2077 1254 2190 1309 quie-

146 1331 234 1374 que
261 1319 346 1362 eibi
371 1318 527 1364 habeat
553 1318 960 1381 persuatiuimum,
996 1323 1052 1365 ab
1082 1323 1179 1366 aliie
1206 1323 1541 1364 certiuimarum
1572 1333 1654 1377 ope
1682 1321 1902 1361 rationum
1927 1334 2093 1375 prorsus
2122 1335 2191 1364 re·

146 1388 333 1432 tollatur>
350 1397 477 1444 atque
497 1391 727 1435 evertatur.
800 1393 928 1445 Quod
956 1406 1094 1446 quum
1116 1395 1178 1434 ita
1206 1401 1289 1440 est,
1334 1392 1439 1445 quid
1464 1391 1675 1431 voluerim
1702 1391 1864 1443 petius,
1923 1404 2056 1443 quam
2084 1394 2190 1446 quid

147 1459 460 1511 praestiterim,
501 1461 579 1502 alii
604 1459 879 1516 reputabunt.
934 1461 1085 1504 Homo
1112 1462 1235 1503 enim
1265 1475 1388 1511 sum,
1429 1468 1477 1503 ut
1505 1472 1611 1501 cum
1639 1458 1873 1501 Chremeta
1901 1457 2099 1503 Terentii
2124 1462 2189 1503 lo·

149 1539 278 1581 quar,
309 1529 507 1572 humani
535 1531 658 1572 nihil
686 1538 818 1573 a'me
846 1531 1056 1572 alienum
1081 1520 1214 1586 picto.

349 1599 463 1639 Ante
490 1607 639 1641 autern
663 1612 793 1654 quam
822 1599 879 1640 ad
904 1600 1047 1654 ipsam
1076 1600 1374 1654 quaestionem
1410 1599 1466 1640 de
1506 1597 1752 1640 eennoribue
1779 1596 2080 1640 Romanorum
2115 1614 2187 1643 ac-

151 1664 282 1716 cedo,
339 1666 571 1722 diligenter
598 1668 892 1724 distinguendi
917 1674 1017 1709 eunt
1043 1669 1312 1723 magi-tratu-
1339 1668 1547 1709 ordinarii
1576 1675 1620 1708 et
1655 1666 2006 1720 extraordinarii,
2061 1668 2186 1720 (aliae

148 1742 297 1776 autem
327 1739 654 1793 magistratuum
684 1738 973 1779 distinctione·
999 1739 1340 1792 praetermittere
1368 1741 1577 1792 possum).
1640 1736 1777 1777 Video
1806 1736 1927 1777 enim
1956 1738 2088 1779 variae
2115 1739 2190 1783 do.

149 1804 438 1848 ctissimorum
456 1807 690 1848 bominum
716 1814 761 1848 et
782 1807 1066 1861 discrepantes
1093 1807 1337 1854 tententiae,
1364 1807 1436 1847 cui
1463 1805 1615 1860 generi
1639 1816 1789 1845 centor
1816 1804 1872 1845 sit
1894 1816 2186 1850 annumeran-

147 1872 251 1922 due,
289 1876 515 1917 ordinarii·
540 1889 597 1917 an
625 1877 985 1918 extraordinariis.
1043 1876 1263 1917 Ordinarii
1291 1876 1423 1929 igitur
1441 1883 1551 1916 eunt
1578 1875 1634 1922 ii,
1673 1874 1749 1927 qui
1775 1873 1890 1913 atatis
1918 1877 2186 1929 temporibue

148 1949 351 1998 certoque
379 1945 533 1986 ordine
560 1944 778 1985 observato
809 1944 1126 2000 rempubiicarn
1149 1944 1378 1998 gerebant,
1422 1943 1513 1991 vel,
1553 1941 1706 1995 quibua
1733 1941 1916 1995 populus
1946 1941 2186 1994 Romanus,

147 2011 234 2051 nisi
261 2025 344 2065 qua
368 2027 435 2054 ree
458 2016 623 2067 gravior
651 2015 891 2061 accidiuet,
923 2014 1145 2060 utebatur,
1187 2013 1334 2066 quale·
1361 2020 1460 2052 eunt
1484 2010 1698 2058 consulet,
1736 2019 1972 2063 praetoren,
2010 2013 2186 2066 aedilee,

147 2078 317 2123 tribuni
344 2082 530 2138 aliique,
591 2083 745 2138 quibus
783 2095 882 2124 mea
918 2081 1095 2138 quidem
1133 2081 1346 2122 sententia
1379 2081 1475 2122 iure
1511 2080 1644 2120 etiam
1680 2090 1828 2119 censor
1863 2090 2190 2125 annumeratur.

150 2148 268 2191 Ordo
298 2153 451 2200 enim,.
488 2166 513 2192 a
539 2166 623 2206 quo
651 2154 720 2193 illi
747 2165 912 2193 nomen
939 2159 1221 2204 acceperunt,
1269 2150 1424 2191 eodem
1451 2149 1582 2189 modo
1611 2149 1661 2188 in
1687 2161 1864 2203 censore
1894 2151 2080 2191 creando
2110 2153 2186 2193 ob·

146 2219 402 2263 servabatur.
489 2221 872 2274 Quemadmodum
910 2222 1032 2263 enim
1071 2219 1267 2261 consule·
1302 2232 1354 2260 ac
1381 2206 1537 2260 relicui
1561 2216 1828 2271 magi-iratus
1856 2217 2066 2261 ordinarii
2093 2234 2189 2264 om-

125 2298 246 2335 nen,
292 2289 348 2329 de
376 2290 531 2344 quibua
559 2291 610 2331 lis
639 2299 702 2331 est
727 2291 871 2338 nulla,
920 2302 996 2344 per
1022 2290 1152 2329 unius
1180 2288 1286 2328 anni
1314 2289 1500 2342 spatium
1526 2287 1832 2326 tantummodo
1863 2289 2188 2341 rempublicam

146 2356 376 2409 gerebant,
415 2373 501 2412 quo
529 2360 754 2414 praeterito
784 2372 828 2399 ae
856 2357 1055 2399 abdicare
1084 2356 1323 2404 debebant,
1360 2356 1421 2396 tic
1449 2355 1583 2395 etiam
1612 2367 1807 2396 censore·
1837 2356 1990 2408 quinto
2019 2370 2189 2412 quoque

147 2436 264 2466 anno
291 2426 648 2475 instituebantur,
680 2428 945 2480 omninoque
973 2425 1059 2467 hoc
1087 2426 1136 2466 in
1163 2426 1410 2479 magistratu
1438 2424 1581 2472 idem,
1604 2424 1688 2477 qui
1716 2424 1765 2463 in
1790 2423 1911 2472 aliis,
1942 2438 2046 2478 quoa
2075 2427 2190 2466 ordi·

148 2494 281 2535 narii·
307 2495 612 2553 adtcribimup,
642 2511 737 2539 moa
763 2495 931 2537 valebat
962 2503 1006 2536 et
1038 2493 1313 2537 consuetudo.
1400 2492 1519 2545 Quid
1549 2492 1681 2547 igitur
1709 2499 1793 2542 est,
1825 2492 1961 2547 quod,
1991 2506 2077 2548 quo
2105 2494 2190 2536 mi-

1890 2551 1917 2598 1
