2411 2929
341 0 366 13 .,

1200 55 1264 103 16

199 194 249 235 in
275 205 381 248 quos
413 190 569 234 Cicero
597 204 670 233 eos
705 191 1052 234 animadvertisse
1089 194 1172 243 ait,
1231 195 1280 236 in
1317 195 1384 235 ius
1411 192 1552 234 vocari
1580 199 1625 234 et
1661 192 1717 233 ob
1755 195 1990 248 pecuniam
2026 201 2249 250 acceptam

199 260 541 316 repetundarum
573 269 771 314 poterant
797 263 1002 302 accusari.
1057 261 1184 308 Item,
1214 264 1289 316 qui
1317 264 1452 303 socios
1479 262 1765 315 diripuissent.
1823 262 2119 315 Repetundae,
2136 266 2248 309 vere,

198 339 250 372 ut
274 330 389 384 apud
419 327 634 372 Heinecc.
661 330 711 372 A.
737 328 793 371 R.
821 326 872 375 4,
906 331 974 372 18.
1003 330 1075 373 72.
1108 330 1319 383 legimus.
1351 331 1606 372 dicebantur
1634 330 1866 383 pecuniae,
1896 344 1999 384 quas
2025 333 2113 372 sive
2143 332 2250 373 socii

197 400 284 441 sive
313 398 425 445 cives
452 397 605 453 privati
632 409 658 438 a
688 398 1002 452 magistratibus
1029 405 1105 438 aut
1134 398 1351 440 iudicibus
1379 398 1669 454 autpublicis
1699 398 1969 447 curatoribus
1993 398 2154 447 iudicio
2184 411 2251 441 re-

198 467 429 522 petebant,
469 479 573 519 quas
602 467 673 507 illi
702 475 776 507 aut
803 468 854 507 in
876 467 1095 520 provincia
1125 475 1199 507 aut
1227 469 1276 507 in
1304 468 1412 508 urbe
1436 476 1513 508 aut
1542 467 1598 507 ob
1627 467 1864 507 dicendum
1892 468 1958 507 ius
1985 475 2060 508 aut
2087 467 2144 508 ob
2172 469 2251 509 ali-

199 537 260 578 ud
295 534 417 591 quid,
433 534 611 589 publice
648 534 891 576 curandum
926 535 1204 589 accepissent.
1232 563 1237 567 -
1274 535 1403 589 Quod
1434 537 1603 577 crimen
1640 547 1890 589 quanquam
1925 535 2068 590 primo
2108 549 2252 579 caussa

196 606 357 661 privata
388 612 480 644 erat
507 612 552 644 et
580 612 705 660 extra
727 604 933 646 ordinem
963 616 1020 644 ex
1047 605 1416 646 senatusconsulto
1448 604 1782 659 cognoscebatur
1806 617 1831 645 a
1866 605 2249 659 recuperatoribus,

197 684 349 718 tamen
383 673 591 727 gliscente
629 673 813 716 subinde
851 673 1183 727 provincialium
1226 674 1556 727 magistratuum
1601 674 1776 714 avaritia
1820 673 1988 728 legibus
2028 674 2252 727 propositis

199 743 465 790 vindicatum
494 749 575 788 est,
606 754 806 796 quarum,
837 743 990 783 ceteris
1018 742 1194 788 relictis,
1224 753 1361 787 unam
1389 754 1414 783 a
1444 741 1494 783 L.
1522 741 1735 785 Cornelio
1763 741 1906 791 Sulla,
1938 742 2253 790 dictatore‚,la·

198 822 298 858 tam
317 823 492 867 ponam.
549 809 645 852 Hac
673 811 768 865 lege
795 810 1082 865 quaerebatur
1109 823 1200 851 non
1228 810 1371 851 solum
1401 810 1454 851 de
1480 811 1534 852 iis
1556 810 1888 866 magistratibus,
1921 811 1995 865 qui
2020 811 2253 865 pecuniam

198 881 314 923 dono
340 880 563 935 ceperint„
578 880 848 928 abstulerint,
884 880 1118 933 coegerint,
1150 879 1440 929 conciliarint,
1469 882 1714 928 averterint,
1743 880 1817 921 sed
1837 887 1895 928 et,
1914 881 1990 933 qui
2006 879 2250 928 libidinose,

198 948 397 1005 superbe,
429 947 664 990 crudeliter
687 961 732 989 se
761 949 810 990 in
840 948 1054 1003 provincia
1083 949 1304 1002 gesserint,
1330 961 1414 989 nec
1436 961 1527 989 non
1554 948 1611 989 de
1637 949 1705 996 iis,
1738 948 1813 1001 qui
1836 948 2002 989 iudices
2030 960 2122 989 non
2150 960 2253 990 suae

201 1018 405 1060 decuriae
439 1029 625 1062 munere
660 1015 802 1059 functi
826 1017 920 1061 ,sint
953 1023 1032 1059 aut
1055 1029 1145 1059 non
1172 1025 1381 1073 perpetuo
1409 1017 1598 1066 sederint
1625 1024 1701 1059 aut
1721 1016 1783 1057 -ab
1810 1015 2095 1059 iudicandum
2122 1028 2254 1071 pecu-

201 1088 325 1129 niam
354 1088 569 1140 ceperint:
607 1088 803 1139 itemque
829 1085 886 1126 de
913 1085 989 1133 iis,
1024 1085 1079 1126 ad
1115 1099 1219 1140 quos
1251 1088 1437 1141 pecunia
1465 1087 1719 1141 pervenerit.
1743 1084 1826 1128 vid.
1852 1084 2061 1127 Heinecc.
2107 1085 2254 1126 Poena

201 1162 373 1210 praeter
401 1153 490 1195 litis
516 1154 865 1196 aestimationem
893 1160 986 1193 erat
1013 1166 1151 1208 aquae
1181 1163 1223 1196 et
1248 1155 1360 1209 ignis
1395 1154 1667 1203 interdictio,
1713 1154 1797 1195 nisi
1826 1153 1877 1194 in
1912 1160 2032 1194 reatu
2067 1154 2255 1195 accusati

202 1223 475 1265 decesserint.
531 1222 629 1264 Iam
655 1234 794 1276 quum
823 1229 1009 1272 constet,
1039 1222 1208 1273 iudices¹
1232 1223 1289 1263 ob
1317 1230 1569 1277 corruptum
1596 1223 1813 1264 iudicium
1841 1222 2159 1277 pecuniamque
2184 1225 2255 1263 aci

203 1299 375 1346 ceptam
402 1292 594 1333 accusari
621 1298 690 1338 et,
718 1291 797 1344 qui
826 1292 961 1332 socios
989 1282 1285 1347 diripuissent,
1314 1292 1363 1332 in
1391 1292 1459 1331 ius
1486 1292 1628 1332 vocari
1653 1292 1867 1345 potuisse,
1890 1302 2078 1344 quanam
2108 1291 2255 1332 condi·

201 1362 330 1403 tione·
348 1373 546 1401 censores
572 1360 623 1401 in
650 1358 816 1404 iudices
849 1360 1254 1408 animadverterint,
1300 1360 1598 1414 quaerendum
1635 1368 1710 1402 est.
1775 1361 1863 1400 Aut
1895 1360 2017 1400 enim
2053 1369 2155 1401 ante
2191 1359 2255 1400 fa·-

205 1438 322 1471 ctam
352 1428 404 1471 in
428 1429 498 1470 ins
535 1427 806 1469 vocationem
842 1436 919 1470 aut
953 1441 1082 1470 reum
1117 1429 1209 1471 iam
1234 1428 1574 1470 condemnatum
1605 1428 1815 1470 notabant
1841 1436 1938 1477 aut,
1984 1427 2257 1469 accusatione

204 1498 376 1544 omissa,
404 1495 504 1536 falsi
529 1495 685 1536 iudicii
711 1495 877 1536 aliusve
904 1497 1101 1537 criminis
1128 1504 1373 1551 suspectum
1394 1497 1639 1565 ignominia
1658 1496 1920 1540 afficiebant.
1965 1496 2129 1549 Quodsi
2156 1509 2254 1537 vero

205 1578 403 1616 censores
426 1572 529 1606 ante
556 1564 751 1606 nominis
778 1563 1045 1610 delationem
1071 1573 1288 1607 notassent
1303 1565 1511 1619 idemque
1534 1573 1628 1620 post
1654 1565 1946 1620 ignominiam
1977 1566 2167 1609 inustam
2204 1566 2256 1606 in

202 1637 272 1677 ius
299 1640 472 1675 vocatus
501 1639 546 1673 et
576 1632 893 1673 condemnatus
923 1640 1056 1680 asset,
1103 1632 1275 1673 nullam
1304 1633 1427 1675 video
1457 1634 1680 1674 censoriae
1709 1640 1838 1673 notae
1865 1633 1953 1673 vim
1980 1638 2107 1687 atque
2134 1633 2255 1675 utili-

202 1712 355 1745 tatem.
399 1701 762 1756 Repetundarum
789 1701 914 1742 enim
942 1702 1224 1743 condemnati
1250 1715 1391 1756 poena
1419 1702 1560 1743 multo
1588 1701 1673 1746 tuit
1699 1702 1864 1755 gravior
1890 1709 2018 1755 atque
2045 1702 2253 1756 acerbior,

203 1781 254 1814 ut
281 1771 432 1820 altera,
458 1770 497 1812 si
524 1760 616 1812 non
643 1769 877 1820 deleretur,
907 1779 1023 1819 certe
1045 1769 1159 1812 nihil
1187 1770 1359 1818 valeret.
1414 1770 1534 1814 Nam
1561 1771 1625 1813 rei
1651 1769 1915 1827 iubebantur
1942 1770 2148 1825 duplum,
2177 1771 2254 1814 tri-

201 1842 346 1896 plum,
377 1839 668 1894 quadruplum
700 1839 882 1890 reddere
909 1852 961 1881 ac
996 1847 1216 1895 praeterea
1251 1840 1300 1881 in
1338 1841 1548 1881 exsilium
1586 1839 1882 1881 mittebantur.
1949 1838 2066 1894 Lege
2103 1846 2254 1880 autem

205 1909 342 1957 Iulia,
373 1920 523 1963 quam
553 1907 704 1949 ceteris
730 1909 969 1958 acriorem,
1011 1908 1296 1958 sanctiorem,
1326 1910 1583 1951 severiorem
1611 1908 1760 1949 innuit
1788 1907 1880 1951 Cic.
1908 1908 1957 1949 in
1982 1908 2076 1949 Vat.
2106 1920 2143 1950 c.
2170 1910 2257 1954 12.

203 1991 282 2034 pro
311 1976 362 2022 C.
376 1976 486 2020 Rab.
512 1989 550 2021 c.
577 1976 637 2026 4.,
667 1978 916 2033 quanquam
944 1976 1283 2033 repetundarum
1311 1977 1513 2020 damnati
1533 1989 1625 2029 non
1652 1976 1974 2019 mittebantur
1958 1990 2009 2020 in
2036 1976 2255 2025 exsilium,

203 2056 356 2094 tamen
382 2053 554 2101 praeter
580 2045 669 2087 litis
706 2047 1054 2088 aestimationem
1082 2058 1156 2087 eos
1183 2046 1336 2087 ordine
1368 2059 1459 2100 esse
1486 2052 1649 2092 motos,
1697 2047 1788 2087 iam
1819 2046 1875 2086 ab
1904 2045 1999 2087 aliis
2026 2045 2258 2100 probatum

207 2123 284 2164 est.
314 2112 370 2157 cf.
399 2112 576 2156 Sueton.
607 2113 729 2159 Caes.
757 2113 838 2164 43;
866 2114 970 2158 Oth.
998 2117 1046 2164 23
1071 2113 1211 2159 Tacit.
1239 2113 1369 2168 H.‚‚1‚
1396 2117 1475 2164 77;
1492 2114 1619 2157 Plin.
1646 2128 1711 2170 ep.
1730 2116 1783 2173 ο2,
1815 2117 1891 2163 113
1922 2116 1994 2162 12;
2022 2113 2065 2165 4,
2095 2116 2136 2158 9.
2192 2116 2257 2155 Ac

206 2185 370 2235 eirena,
397 2182 718 2236 absolvebatur,
752 2185 952 2226 iudicum
991 2185 1215 2226 sententiis
1244 2185 1376 2225 etiam
1405 2191 1508 2225 nota
1535 2184 1725 2229 censoria
1749 2183 1995 2226 tollebatur.
2050 2177 2150 2234 Huc
2187 2195 2256 2223 re-

202 2252 462 2304 ferendum,
506 2252 624 2307 quod
660 2251 758 2304 Cic.
796 2266 837 2308 p.
867 2252 1040 2296 Cluent.
1070 2252 1111 2306 S.
1153 2256 1249 2298 121.
1285 2253 1410 2294 dicit:
1456 2254 1627 2307 »itaque
1661 2265 1753 2309 non
1787 2253 1931 2295 solum
1947 2251 2077 2295 —illud
2116 2259 2257 2295 ostan-

205 2322 332 2373 dam,
351 2320 528 2377 populi·
541 2320 735 2363 Romani
760 2320 970 2375 suffragiis
996 2335 1122 2376 saepe
1149 2335 1336 2373 numero
1366 2322 1579 2366 censorias
1607 2320 1937 2377 subscriptiones
1959 2333 2054 2382 ,aase
2079 2320 2255 2371 deletas,

206 2404 377 2437 verum.
396 2390 531 2431 etiam
557 2390 768 2437 *iudiciis
801 2402 978 2440 eorum,
1025 2381 1102 2444 qui
1129 2391 1259 2432 iurati
1284 2398 1470 2431 statuere
1503 2389 1670 2431 maiore
1699 2403 1802 2431 cum
1841 2390 2052 2444 religione
2086 2395 2130 2430 et
2156 2389 2256 2430 dili,-

203 2460 353 2515 gentia
392 2457 678 2505 debuerunt.«
731 2457 867 2511 ‚Quid
899 2460 1061 2514 igitur2
1111 2459 1276 2514 scilicet
1311 2466 1405 2516 post
1420 2458 1655 2515 ‚iudicium
1692 2458 1859 2510 factum
1884 2458 2093 2513 ,criminis
2119 2470 2256 2522 ‘accu-

205 2536 355 2586 satum
372 2527 594 2581 notabant.
627 2527 707 2584 *Ac
733 2539 793 2569 ne
820 2526 904 2579 boc
929 2527 1104 2581 quidem
1130 2527 1186 2567 ob
1216 2527 1418 2577 eandem,
1449 2540 1581 2582 quam
1609 2528 1701 2570 dixi
1727 2540 1944 2577 caussam,
1973 2527 2078 2572 terri
2106 2534 2253 2588 potest.
