2411 2929
1149 44 1185 96 5

140 192 355 227 stt-aretur.
416 182 531 225 Illud
548 196 647 225 vero
666 183 872 240 expiandi
899 197 1042 226 caussa
1072 185 1416 228 esse‘conditum
1445 194 1488 228 et
1515 184 1773 227 sacrificium
1790 180 2087 239 purgatorium
2113 176 2183 219 fu-

139 253 244 301 isso,
273 254 406 295 etiam
438 253 573 307 magis
601 252 903 302 emfirmatur,
942 254 1056 308 quod
1084 251 1220 296 trium
1248 254 1486 297 hostiarum
1515 254 1648 295 fiebat
1674 253 1991 295 immolatione.
2049 247 2182 288 Dion.

140 324 263 364 enim
301 322 407 363 dicit
441 321 493 371 4,
531 325 622 365 22:
681 329 885 378 καθαρμὸν
916 329 1122 378 ἐποιήσατο
1154 330 1284 382 ταύρῳ
1305 331 1370 368 καὶ
1390 332 1504 381 χοίρῳ
1541 323 1617 372 (ίίῦ
1654 324 1775 363 enim
1813 320 2049 373 legendum
2083 328 2181 357 0⁸⁸0

139 391 219 433 alii
245 392 335 433 iam
361 392 570 443 viderunt)
599 398 664 436 καὶ
685 398 811 450 τράγῳ
842 393 872 436 i.
903 406 942 436 ο.
970 398 1103 435 tauro
1123 402 1168 435 et
1196 407 1325 449 porco
1354 401 1398 434 et
1432 394 1581 441 himo,
1632 393 1745 446 quod
1781 389 2040 432 sacrificium
2078 385 2181 427 scri·

138 467 283 516 ptores
311 459 577 500 Latini‘uno
602 461 785 501 nomine
814 462 1174 504 Suovetaurilia
1203 462 1432 517 appellant.
1497 463 1700 514 Quamvis
1729 462 1850 501 enim
1879 459 2011 499 multi
2037 467 2179 509 gram·

134 525 400 571 maticorum
428 537 621 569 veterum
652 532 904 571 auctoritate
940 532 1060 572 ducti
1096 532 1279 573 alteram
1314 532 1570 585 scripturam
1592 531 1855 572 Solitaurilia
1893 534 2098 569 tueantur
2134 532 2179 565 et

138 598 396 645 defendant,
454 596 569 639 mihi
596 605 747 640 tamen
775 612 939 641 nomen
969 601 1035 641 re‘i
1063 614 1151 642 non
1184 601 1350 642 videtur
1376 608 1526 655 aptum
1553 614 1634 640 nec
1664 599 1898 653 significat,
1944 595 2058 650 quod
2088 600 2179 633 erat

133 666 483 722 significandum.
539 666 878 710 Sed-audiamus
904 670 1221 723 grammaticos.
1279 669 1443 712 Charis.
1474 672 1512 711 1.
1551 683 1592 722 p.
1622 669 1691 711 84.
1719 668 1824 709 haec
1853 666 2003 707 habet:
2052 676 2177 703 »suo-

136 734 744 789 vetaurilia-quidamputant
773 737 955 779 dicenda
983 752 1008 779 a
1038 739 1249 787 victimis,
1298 742 1397 786 sue,
1447 750 1524 777 ove
1554 745 1597 777 et
1623 745 1767 778 taurot
1819 735 1891 775 sed
1923 734 2096 786 Valgius
2122 731 2178 771 de

135 807 266 849 rebus
291 814 369 859 per
398 803 626 857 epistolam
658 808 857 859 quaesitis
887 808 1141 850 solitaurilia
1171 809 1403 850 dictae-se
1440 808 1521 848 ait:
1586 807 1700 847 tauri
1728 813 1874 846 autem
1904 815 2069 844 nomen
2097 812 2175 855 pro

134 875 337 918 omnibus
361 873 553 916 maribus
573 873 802 930 ssumptum
834 890 961 921 essa«
1023 877 1090 922 cl.
1120 877 1360 921 Cic.·Orat.
1388 880 1439 927 2,
1481 879 1573 925 66„
1612 876 1688 931 qui
1715 883 1759 916 te
1790 887 1845 914 ex
1873 873 2045 913 aerariis
2074 883 2175 911 exe·

131 946 238 994 mit,
268 944 452 984 lustrum
490 943 682 984 condidit
713 953 756 984 et
785 954 978 988 taurum
1005 948 1261 989 immolavit.
1318 947 1433 987 Festi
1460 946 1569 987 haec
1598 951 1698 985 su'nt
1724 945 1972 998 praecipua:
2003 941 2176 981 solitau-
2232 958 2248 971 ·

132 1015 233 1055 rilia
260 1012 500 1054 hostiarum
527 1013 664 1054 trium
693 1013 847 1055 diversi
871 1016 1041 1068 generis
1068 1014 1420 1057 immolationem
1447 1014 1719 1069 significatae
1740 1014 1868 1062 tauri,
1899 1011 2059 1057 arietis,
2084 1020 2174 1048 vet·

51 1105 58 1114 ι
132 1083 216 1132 ris,
246 1081 360 1137 quod
389 1092 550 1121 omncsv
569 1092 646 1122 eae
676 1081 809 1124 solidi
834 1083 1079 1138 integrique
1106 1084 1191 1125 sint
1218 1082 1407 1139 corporis
1434 1096 1459 1125 a
1489 1084 1619 1125 sollus
1648 1083 1713 1123 vel
1742 1082 1877 1129 solus,
1917 1079 2031 1134 quod
2061 1078 2172 1117 Osce

108 1154 273 1194 'totum
302 1158 347 1191 et
373 1150 564 1190 solidum
588 1149 822 1204 siguificat,
852 1154 952 1205 quia
978 1153 1135 1194 harum
1165 1153 1404 1194 hostiarum
1430 1153 1626 1194 inviolati
1653 1159 1753 1193 sunt
1779 1151 1907 1197 tauri,
1938 1160 2047 1203 quae
2075 1158 2170 1200 pars

128 1221 295 1264 scilicet
323 1218 519 1261 caeditur
544 1217 595 1260 iu
623 1220 902 1270 castratione;
930 1227 1037 1263 nam
1066 1221 1309 1263 vervecibus
1334 1224 1381 1263 'et
1408 1221 1540 1263 hircis
1566 1234 1660 1262 mos
1687 1227 1780 1260 erat
1794 1217 2005 1264 abscindi,
2031 1227 2170 1269 quum

128 1289 477 1332 immolarentur.
512 1287 643 1328 ’.Sunt
668 1289 847 1342 quidem
873 1292 949 1344 qui
972 1299 1140 1345 putent,
1171 1292 1227 1331 ex'
1254 1291 1391 1332 tribus
1417 1291 1564 1332 hostiis
1578 1291 1808 1344 praecipue
1832 1300 1996 1328 nomen
2026 1284 2170 1325 inclu-

127 1373 226 1402 sum
250 1360 360 1400 'cum
385 1356 523 1398 solido
550 1358 686 1409 tauri,
726 1359 841 1413 quod
868 1359 1131 1415 amplissima
1152 1360 1218 1401 sit-
1234 1360 1401 1404 earum.
1489 1359 1681 1414 Quidam
1709 1358 1934 1407 dixerunt,
1964 1353 2169 1396 omnium

126 1430 265 1473 trium
292 1425 499 1468 vocabula
527 1424 705 1467 confusa
731 1427 830 1476 suis,
862 1429 962 1477 ovis,
989 1429 1103 1474 tauri
1131 1428 1336 1477 effecisse,
1364 1437 1417 1470 ut
1443 1439 1535 1470 uno
1563 1427 1697 1469 modo
1721 1426 2041 1482 appellarentur
2068 1422 2167 1461 uni-

128 1511 284 1540 versae.
367 1496 491 1537 Haec
518 1508 575 1536 ex
600 1496 739 1539 Festo.
763 1498 818 1538 cf.
848 1497 977 1541 Gesn.
1005 1498 1135 1543 Thes.
1164 1508 1208 1540 et
1234 1497 1419 1542 Forceil.
1482 1500 1561 1539 ,At
1585 1511 1723 1552 quum
1761 1503 1948 1543 constet,
2006 1488 2167 1534 sacrifi·

130 1569 252 1611 cium
279 1565 394 1608 illud
418 1578 476 1607 ex
502 1564 637 1606 tribus
655 1565 839 1607 victimis
863 1567 1111 1617 constitisse,
1142 1567 1255 1623 quod
1279 1580 1339 1609 nn
1352 1567 1423 1609 illi
1449 1568 1628 1622 quidem
1656 1569 1831 1620 negant,
1857 1563 1944 1606 hoc
1973 1561 2089 1604 mihi
2108 1561 2166 1600 vi·

125 1637 253 1679 detur
280 1630 584 1679 satis‘firmum
610 1642 939 1687 argumentum,
979 1647 1143 1679 nomen
1170 1650 1196 1679 a
1223 1641 1273 1678 ro'
1301 1650 1390 1678 esse
1417 1636 1699 1683 faciundum,
1746 1632 1998 1689 praesertim
2028 1642 2166 1685 quum

125 1706 254 1748 nullo
280 1703 414 1745 modo
438 1702 536 1744 fieri
563 1704 704 1757 possit,
730 1712 781 1745 ut
803 1706 1103 1747 suovetaurilia
1132 1715 1177 1748 et
1203 1706 1457 1751 solitaurilia
1485 1705 1672 1746 eandem
1689 1702 1892 1743 'habeant
1919 1702 2161 1746 notionem,

126 1774 242 1830 quod
266 1772 447 1828 quidem
473 1772 747 1826 grammatici
774 1773 849 1814 isti
879 1775 1160 1819 contendunt.
1216 1775 1335 1817 Illud
1359 1775 1482 1815 enim
1510 1771 1742 1828 significat,
1781 1771 1819 1811 si
1845 1770 1967 1811 dictu
1997 1769 2059 1809 fas
2083 1775 2161 1815 est,

123 1843 371 1887 immolatas
399 1854 493 1883 esse
519 1848 604 1882 tres
632 1841 838 1891 victimas,
867 1841 953 1884 hoc
980 1844 1283 1887 tantummodo
1310 1852 1454 1886 tauros
1483 1844 1568 1885 sive
1596 1841 1752 1883 solidos
1777 1841 1862 1881 sive
1888 1840 2076 1893 integros
2094 1839 2163 1878 in-

124 1913 390 1968 violatosque·
414 1916 622 1952 mactatos
644 1910 833 1958 indicat,
865 1923 1007 1966 neque
1032 1910 1204 1968 probari
1230 1921 1387 1968 potest,
1416 1913 1533 1966 quod*
1560 1912 1714 1953 Ascon.
1741 1909 1794 1949 ad
1822 1908 1915 1951 Cic.
1942 1908 2088 1949 Divin.
2113 1907 2165 1947 in

124 1982 294 2024 Caecili
311 1985 353 2026 8.
382 1980 494 2030 vult,
523 1991 549 2020 a
578 1980 715 2020 tribus
739 1980 959 2033 particulis
987 1982 1214 2024 verborum
1242 1995 1343 2031 sue,
1385 1993 1486 2029 ove,
1521 1988 1648 2021 tauro
1676 1992 1842 2021 nomen
1872 1977 2161 2031 compositum

124 2063 230 2093 esso.
284 2047 459 2091 Deinde
485 2059 578 2088 usn
605 2054 668 2087 est
689 2049 1141 2102 praetermittendum,
1200 2050 1352 2093 multis
1378 2050 1429 2092 in
1452 2049 1560 2089 locis
1589 2049 1773 2103 optimos
1798 2047 1922 2089 MSS.
1952 2046 2160 2086 exhibere

122 2121 378 2175 scripturam
409 2115 713 2159 suovetaurilia
738 2124 783 2159 et
809 2116 857 2158 in
887 2117 985 2159 loco
1013 2119 1165 2173 Quint.
1194 2119 1243 2169 '1‘‚
1272 2118 1313 2163 6.
1343 2120 1414 2162 67.
1445 2119 1506 2159 sic
1535 2125 1598 2159 est
1626 2116 1886 2172 legendum,
1918 2116 2000 2158 nisi
2031 2116 2069 2156 si
2094 2127 2159 2156 so·

122 2188 333 2232 linurilia
361 2187 521 2242 pariter
546 2193 676 2239 atque
699 2185 887 2227 alterum
916 2188 1173 2230 vocabulum
1203 2188 1529 2244 explicaremus.
1585 2186 1706 2228 Dicit
1734 2187 1878 2234 enim,
1909 2194 2160 2227 suovetau-

123 2248 243 2300 riliiz
268 2268 358 2297 esse
387 2268 442 2296 ex
468 2266 568 2301 sue,
616 2266 692 2294 ove
720 2262 765 2295 et
787 2262 910 2296 tauro
940 2269 1189 2310 persuasum
1217 2265 1294 2300 est.
1377 2256 1582 2310 Denique
1607 2265 1799 2297 nostram
1825 2256 1936 2296 vocis
1968 2255 2161 2295 formam

120 2323 493 2378 coufirmat-pud
521 2321 693 2365 Gruter.
720 2323 911 2378 inscript.
940 2338 980 2378 p.
1002 2327 1106 2376 121,
1138 2329 1177 2369 1.
1234 2325 1414 2368 HUIUS
1439 2324 1610 2367 OPER.
1637 2323 1916 2366 PERFECTI
1946 2322 2160 2365 CAUSSA

118 2391 407 2437 LUSTRUM·
447 2390 672 2432 MIssUM
714 2390 1208 2438 SUOVETAURILIB.'
1229 2393 1563 2436 MAIORIBUS.
1648 2393 1744 2434 Nec
1775 2406 1873 2433 vers
1905 2392 1991 2434 hoc
2027 2393 2159 2433 modo

119 2460 312 2518 populus-
332 2460 475 2503 solum
503 2459 786 2512 lustrabatur,
842 2454 994 2503 verum
1022 2463 1156 2504 etiam
1184 2464 1277 2517 agri
1306 2467 1354 2504 et'
1385 2464 1600 2504 exercitus
1634 2463 1772 2517 (Virg.
1808 2463 1890 2506 ecl.
1926 2463 1968 2506 5.
2005 2477 2040 2503 v.
2076 2462 2158 2512 75;

118 2530 259 2576 Tacit.
297 2531 413 2572 Ann-
440 2528 520 2579 15,
557 2530 668 2581 26.),
715 2538 767 2571 ut
792 2529 957 2574 hostiae
982 2538 1052 2574 ter
1078 2532 1248 2574 circum
1274 2545 1370 2575 rem
1397 2532 1664 2575 lustrandam
1691 2533 2088 2586 circumagerentur
2114 2542 2159 2576 et
